<?xml version="1.0" encoding="UTF-8"?><collection xmlns="http://www.loc.gov/MARC21/slim"><record><leader>00451nam--2200157-i-4500</leader><controlfield tag="001">000044333</controlfield><controlfield tag="002">20161230</controlfield><controlfield tag="005">20170122222746</controlfield><controlfield tag="008">060222s1000------------r-----000-0-eng-d</controlfield><datafield ind1=" " ind2=" " tag="080"><subfield code="a">621.039(021)</subfield></datafield><datafield ind1=" " ind2=" " tag="100"><subfield code="a">Ternaben, Walter</subfield></datafield><datafield ind1=" " ind2=" " tag="245"><subfield code="a">Handbuch der atomwirtschaft. Nutzung der atomenergie fur friedliche zwecke</subfield></datafield><datafield ind1=" " ind2=" " tag="260"><subfield code="a">Hagen</subfield><subfield code="b">Linnepe Verlagsgeselschaft</subfield><subfield code="c">1956-1960</subfield></datafield><datafield ind1=" " ind2=" " tag="300"><subfield code="a">1(Lfg.2-25)</subfield></datafield><datafield ind1=" " ind2=" " tag="852"><subfield code="a">13765</subfield></datafield><datafield ind1=" " ind2=" " tag="CAT"><subfield code="a">SYS</subfield><subfield code="c">20170122</subfield><subfield code="h">222746</subfield></datafield></record></collection>